% Encoding: UTF-8

@Preamble{ "\newcommand{\noopsort}[1]{} "
# "\newcommand{\printfirst}[2]{#1} "
# "\newcommand{\singleletter}[1]{#1} "
# "\newcommand{\switchargs}[2]{#2#1} " }
@BOOK{ChanTong2001,
   author = "K. Chan and H. Tong",
   title = {{Chaos: A Statistical Perspective}},
   city = "New York",
   publisher = "Springer-Verlag",
   year = 2001,
}

@BOOK{Tong1990,
   author = "H. Tong",
   title = {{Non-Linear Time Series: A Dynamical Systems Approach}},
   city = "Oxford",
   publisher = "Oxford University Press",
   year = 1990,
}

@BOOK{Dick2000,
   author = "Philip Hans Franses and Dick van Dijk",
   title = {{Non-linear time series models in empirical finance}},
   city = "Cambridge",
   publisher = "Cambridge University Press",
   year = 2000,
}

@BOOK{Manzan2003,
   author = "Sebastiano Manzan",
   title = "Essays in Nonlinear Economic Dynamics",
   publisher = "Thela Thesis",
   year = 2003,
}

@ARTICLE{Casdagli1991,
   author = "M. Casdagli",
   title = "Chaos and deterministic versus stochastic nonlinear modelling",
   journal = "J. Roy. Stat. Soc. 54, 303",
   year = 1991,
   volume = 54,
}

@ARTICLE{TISEAN1999,
   author = "R. Hegger and H. Kantz and T. Schreiber",
   title = {{Practical implementation of nonlinear time series methods: The TISEAN package}},
   journal = "CHAOS",
   year = 1999,
   volume = 9,
   pages = "413-435",
}

@Manual{tseriesChaos2005,
    title = {{tseriesChaos: Analysis of nonlinear time series}},
    author = {Antonio Fabio Di Narzo},
    year = {2005},
    note = {R package version 0.1-5},
}

@ARTICLE{Wood2004,
	title={Stable and efficient multiple smoothing parameter estimation for generalized additive models},
	author={Wood, S.N.},
	year={2004},
	journal="Journal of the American Statistical Association",
	volume=99,
	pages="673-686",
}

@ARTICLE{EndersGranger1998,
  author = {Enders, W. and Granger, C.W.J.},
  title = {Unit-root tests and asymmetric adjustment with an example using the
	term structure of interest rates.},
  journal = {Journal of Business and Economic Statistics},
  year = {1998},
  volume = {16},
  pages = {304-311},
  number = {3},
  owner = {mat},
  timestamp = {2008.02.25}
}

@BOOK{Hamilton1994,
  title = {Time series analysis},
  publisher = {Princeton University Press},
  year = {1994},
  editor = {Princeton University Press},
  author = {Hamilton, J.},
  owner = {mat},
  timestamp = {2008.03.27}
}

@Book{Johansen1995,
  title     = {Likelihood-based inference in cointegrated Vector Autoregresive Models},
  publisher = {Oxford University Press},
  year      = {1995},
  author    = {Soren Johansen},
  owner     = {mat},
  timestamp = {2010.10.03},
}

@Article{Johansen1988,
  author    = {Johansen, S.},
  title     = {Statistical Analysis of Cointegration Vectors},
  journal   = {Journal of Economic Dynamics and Control},
  year      = {1988},
  volume    = {12},
  pages     = {231-254},
  owner     = {mat},
  timestamp = {2008.02.26},
}

@Comment{jabref-meta: databaseType:bibtex;}
